<record><leader>00000cas a2200000 a 4500</leader><controlfield tag="001">12362647</controlfield><controlfield tag="008">850808d18861980ksuwr ne      0    0eng d</controlfield><datafield ind1=" " ind2=" " tag="010"><subfield code="a">sn 85030758 </subfield></datafield><datafield ind1=" " ind2=" " tag="040"><subfield code="a">KSH</subfield><subfield code="b">eng</subfield><subfield code="c">KSH</subfield><subfield code="d">NPT</subfield><subfield code="d">OCL</subfield><subfield code="d">OCLCQ</subfield></datafield><datafield ind1=" " ind2=" " tag="042"><subfield code="a">msc</subfield></datafield><datafield ind1="0" ind2="4" tag="245"><subfield code="a">The Nickerson argosy.</subfield></datafield><datafield ind1=" " ind2=" " tag="260"><subfield code="a">Nickerson, Kan. :</subfield><subfield code="b">F.R. Dougherty,</subfield><subfield code="c">1886-1980.</subfield></datafield><datafield ind1=" " ind2=" " tag="300"><subfield code="a">89 v. :</subfield><subfield code="b">ill. ;</subfield><subfield code="c">38-65 cm.</subfield></datafield><datafield ind1=" " ind2=" " tag="310"><subfield code="a">Weekly</subfield></datafield><datafield ind1="0" ind2=" " tag="362"><subfield code="a">Vol. 8, no. 13 (Feb. 25, 1886)-v. 102, no. 7 (Feb. 28, 1980).</subfield></datafield><datafield ind1=" " ind2=" " tag="500"><subfield code="a">Publisher varies.</subfield></datafield><datafield ind1=" " ind2=" " tag="752"><subfield code="a">United States</subfield><subfield code="b">Kansas</subfield><subfield code="c">Reno</subfield><subfield code="d">Nickerson.</subfield></datafield><datafield ind1="0" ind2="0" tag="780"><subfield code="t">Argosy (Nickerson, Kan.)</subfield><subfield code="w">(DLC)sn 85030757</subfield></datafield><datafield ind1="0" ind2="5" tag="780"><subfield code="t">Nickerson register</subfield><subfield code="g">Jan. 10, 1891</subfield><subfield code="w">(DLC)sn 85030761</subfield></datafield><datafield ind1="0" ind2="0" tag="785"><subfield code="t">Sterling Kansas bulletin</subfield><subfield code="w">(DLC)sn 85031819</subfield></datafield></record>